@string{qjrms = "{Quart. J. Roy. Meteorol. Soc.}"}
%
@article{Pelletier_etal_2021,
author = {Pelletier, Charles and Lemarié, Florian and Blayo, Eric and Bouin, Marie-Noëlle and Redelsperger, Jean-Luc},
title = {Two-sided turbulent surface-layer parameterizations for computing air–sea fluxes},
journal = qjrms,
volume = {},
year = "2021",
number = {},
pages = {},
doi = {https://doi.org/10.1002/qj.3991},
url = {https://rmets.onlinelibrary.wiley.com/doi/abs/10.1002/qj.3991},
eprint = {https://rmets.onlinelibrary.wiley.com/doi/pdf/10.1002/qj.3991},
note={https://doi.org/10.1002/qj.3991}
}

@phdthesis{Thery_2021,
  TITLE = {{{\'E}tude num{\'e}rique des algorithmes de couplage oc{\'e}an-atmosph{\`e}re avec prise en compte des param{\'e}trisations physiques de couches limites}},
  AUTHOR = {Thery, Sophie},
  URL = {https://tel.archives-ouvertes.fr/tel-03164786},
  SCHOOL = {{Universit{\'e} Grenoble Alpes}},
  YEAR = {2021},
  TYPE = {Theses},
  PDF = {https://tel.archives-ouvertes.fr/tel-03164786/file/these_Thery_Sophie_2021_v2.pdf},
  HAL_ID = {tel-03164786},
  HAL_VERSION = {v1},
}



@article{Mohammadi_etal_1998,
author = {Mohammadi, Bijan and Pironneau, Olivier and Valentin, Frederic},
title = {Rough boundaries and wall laws},
journal = {Int. J. Numer. Methods Fluids},
volume = {27},
number = {1‐4},
pages = {169-177},
year = {1998}
}

@article{gander2001optimal,
  title={Optimal Schwarz waveform relaxation for the one dimensional wave equation},
  author={Gander, Martin J and Halpern, Laurence and Nataf, Fr{\'e}d{\'e}ric},
  journal={SIAM Journal on Numerical Analysis},
  volume={41},
  number={5},
  pages={1643--1681},
  year={2003},
  publisher={SIAM}
}

@article{Wu2017,
author = {Wu, Shu-Lin and Al-Khaleel, Mohammad},
year = {2017},
month = {02},
pages = {209-222},
title = {Optimized Waveform Relaxation Methods for RC Circuits: Discrete Case},
volume = {51},
journal = {Esaim Math. Model. Numer. Anal.},
doi = {10.1051/m2an/2016061}
}

@article{kwok2013,
  author  = {Martin J. Gander and Felix Kwok and Bankim C. Mandal},
  title   = {Dirichlet-Neumann and Neumann-Neumann waveform relaxation algorithms for parabolic problems},
  journal = {Electron. Trans. Numer. Anal.},
  volume  = {45},
  year    = {2016},
  pages   = {424--456},
}

@article{mongeMultirate2021,
  title={A time adaptive multirate {D}irichlet-{N}eumann waveform relaxation method for heterogeneous coupled heat equations},
  author={Meisrimel, Peter and Monge, Azahar and Birken, Philipp},
  journal={arXiv preprint arXiv:2007.00410},
  year={2020}
}

@Article{Marti_etal_gmdd,
AUTHOR = {Marti, O. and Nguyen, S. and Braconnot, P. and Valcke, S. and Lemari\'e, F. and Blayo, E.},
TITLE = {A {S}chwarz iterative method to evaluate ocean- atmosphere coupling
schemes. Implementation and diagnostics in IPSL-CM6-SW-VLR},
JOURNAL = {Geoscientific Model Development Discussions},
VOLUME = {2020},
YEAR = {2020},
PAGES = {1--19},
NOTE = {https://gmd.copernicus.org/preprints/gmd-2020-307/},
DOI = {10.5194/gmd-2020-307}
}

@Article{Marti_etal_2020,
AUTHOR = {Marti, O. and Nguyen, S. and Braconnot, P. and Valcke, S. and Lemari\'e, F. and Blayo, E.},
TITLE = {A Schwarz iterative method to evaluate ocean--atmosphere coupling schemes: implementation and diagnostics in IPSL-CM6-SW-VLR},
JOURNAL = {Geosci. Model Dev.},
VOLUME = {14},
YEAR = {2021},
NUMBER = {5},
PAGES = {2959--2975},
DOI = {10.5194/gmd-14-2959-2021}
}