@article{burchard2002energy,
  title={Energy-conserving discretisation of turbulent shear and buoyancy production},
  author={Burchard, Hans},
  journal={Ocean Modelling},
  volume={4},
  number={3-4},
  pages={347--361},
  year={2002},
  publisher={Elsevier}
}

@article{lemarie2021gmd,
  title={A simplified atmospheric boundary layer model for an improved representation of air--sea interactions in eddying oceanic models: implementation and first evaluation in NEMO (4.0)},
  author={Lemari{\'e}, Florian and Samson, Guillaume and Redelsperger, Jean-Luc and Giordani, Herv{\'e} and Brivoal, Th{\'e}o and Madec, Gurvan},
  journal={Geoscientific Model Development},
  volume={14},
  number={1},
  pages={543--572},
  year={2021},
  publisher={Copernicus GmbH}
}

@article{nishizawa2018surface,
  title={A Surface Flux Scheme Based on the Monin-Obukhov Similarity for Finite Volume Models},
  author={Nishizawa, S and Kitamura, Y},
  journal={Journal of Advances in Modeling Earth Systems},
  volume={10},
  number={12},
  pages={3159--3175},
  year={2018},
  publisher={Wiley Online Library}
}

@article{kawai2012wall,
  title={Wall-modeling in large eddy simulation: Length scales, grid resolution, and accuracy},
  author={Kawai, Soshi and Larsson, Johan},
  journal={Physics of Fluids},
  volume={24},
  number={1},
  pages={015105},
  year={2012},
  publisher={American Institute of Physics}
}

